% Encoding: UTF-8

@book{dean1992lange,
  author    = {Dean, John Aurie and others},
  publisher = {McGraw-Hill New York},
  title     = {Lange's handbook of chemistry},
  year      = {1992},
  volume    = {15}
}
@book{2012CRC,
  author    = { Haynes, W. M. Ed. },
  publisher = {CRC Press},
  title     = {CRC Handbook of Chemistry and Physics},
  year      = {2012}
}
@article{doi:10.1021/ja01235a002,
  author  = {Hicks, J. F. G. and Hooley, J. G. and Stephenson, C. C.},
  title   = {The Heat Capacity of Carbon Tetrachloride from 15 to 300Â°K. The Heats of Transition and of Fusion. The Entropy from Thermal Measurements Compared with the Entropy from Molecular Data},
  journal = {Journal of the American Chemical Society},
  volume  = {66},
  number  = {7},
  pages   = {1064-1067},
  year    = {1944},
  doi     = {10.1021/ja01235a002},
  url     = { 
        https://doi.org/10.1021/ja01235a002
    
},
  eprint  = { 
        https://doi.org/10.1021/ja01235a002
    
}
}
@misc{formic_acid_wiki,
  author       = {},
  title        = {Formic acid (data page)},
  howpublished = {\url{https://en.wikipedia.org/wiki/Formic_acid_(data_page)F}}
}

@article{Bast2009,
  author    = {Radovan Bast and Hans J{\o}rgen Aa. Jensen and Trond Saue},
  journal   = {International Journal of Quantum Chemistry},
  title     = {Relativistic adiabatic time-dependent density functional theory using hybrid functionals and noncollinear spin magnetization},
  year      = {2009},
  number    = {10},
  pages     = {2091--2112},
  volume    = {109},
  doi       = {10.1002/qua.22065},
  publisher = {Wiley}
}


@Comment{jabref-meta: databaseType:bibtex;}
