@article{doi:10.1021/je60019a024,
  author  = {Yuan, Kuan Shih and Ho, James C. K. and Koshpande, A. K. and Lu, Benjamin C. -Y},
  title   = {Vapor-Liquid Equilibria.},
  journal = {Journal of Chemical \& Engineering Data},
  volume  = {8},
  number  = {4},
  pages   = {549-559},
  year    = {1963},
  doi     = {10.1021/je60019a024},
  url     = { 
        https://doi.org/10.1021/je60019a024
    
},
  eprint  = { 
        https://doi.org/10.1021/je60019a024
    
}
}